@article{baker2016,
	author = {Baker, Ed and Broom, Yoke-shum},
	title = {Natural History Museum Sound Archive I: Orthoptera: Gryllotalpidae Leach, 1815, including 3D scans of burrow casts of \textit{Gryllotalpa gryllotalpa} (Linnaeus, 1758) and \textit{Gryllotalpa vineae} Bennet-Clark, 1970},
	journaltitle = {Biodiversity Data Journal},
	date = {2016},
	volume = {3},
	pages = {e7442},
	doi = {10.3897/BDJ.3.e7442},
}

@article{baker2015,
	title={BioAcoustica: A free and open repository and analysis platform for bioacoustics},
	author={Baker, Ed and Price, Ben W. and Rycroft, S. D. and Hill, Jon and Smith, Vincent S},
	journal={Database},
	volume={2015},
	number={bav054},
	year={2015},
	publisher={Oxford University Press},
	doi = {10.1093/database/bav054},
}

@article{walker1990,
	title={Song and Acoustic Burrow of the Prairie Mole Cricket, \textit{Gryllotalpa major} (Orthoptera: Gryllidae)},
	author={Walker, Thomas J. and Figg, Dennis E.},
	journal={Journal of the Kansas Entomological Society},
	volume={63},
	issue={2},
	pages={237-242},
	year={1990},	
}

@article{jafari2015,
	title={Acoustic burrow structures of European mole crickets, \textit{Gryllotalpa gryllotalpa} (Orth.: Gryllotalpidae) in Northwestern Iran},
	author={Jafari, Shabnam and Kazemi, Mohammad Hossein and Lotfalizadeh, Hossein},
	journal={North-western Journal of Zoology},
	volume={11},
	issue={1},	
	year={2015},
}

@article{endo2007,
	title={The underground life of the oriental mole cricket: an analysis of burrow morphology},
	author={Endo, C.},
	journal={Journal of Zoology},
	volume={273},
	pages={414-420},
	doi={10.1111/j.1469-7998.2007.00345.x},	
	year={2007},
}

@article{endo2008,
	title={An analysis of the horizontal burrow morphology of the oriental mole cricket (\textit{Gryllotalpa orientalis}) and the distribution pattern of surface vegetation},
	author={Endo, C.},
	journal={Canadian Journal of Zoology},
	volume={86},
	pages={1299-1306},
	year={2008},
	doi={10.1139/Z08-116},
}

@article{hill2006,
	title={Singing from a constructed burrow: why vary the shape of the burrow mouth?},
	author={Hill, Peggy S. M. and Wells, Harrington and Shadley, John R.},
	journal={Journal of Orthoptera Research},
	volume={15},
	issue={1},
	pages={23-29},
	year={2006},
	doi={10.1665/1082-6467(2006)15[23:SFACBW]2.0.CO;2},
}

@article{brandenburg2002,
	title={Tunnel Architectures of Three Species of Mole Crickets (Orthoptera: Gryllotalpidae)},
	author={Brandenburg, Rick L. and Xia, Yulu and Schoeman, A. S.},
	journal={Florida Entomologist},
	volume={85},
	issue={2},
	pages={383-385},
	year={2002},
}

@article{kavanagh1989,
	title={Bilateral symmetry of sound production in the mole cricket, \textit{Gryllotalpa australis}},
	author={Kavanagh, M. W. and Young, D.},
	journal={Journal of Comparative Physiology A},
	volume={166},
	pages={43-49},
	year={1989},
}

@article{bennetclark1987,
	title={The Tuned Singing Burrow of Mole Crickets},
	author={Bennet-Clark, H. C.},
	journal={Journal of Experimental Biology},
	volume={128},
	pages={383-409},
	year={1987},
}

@article{daws1996,
	title={The Mechanism of Tuning of the Mole Cricket Singing Burrow},
	author={Daws, A. G. and Bennet-Clark, H. C. and Fletcher, N. H.},
	journal={Bioacoustics},
	volume={7},
	pages={81-117}	
}

@article{bennetclark1970a,
	title={The Mechanism and Efficiency of Sound Production in Mole Crickets},
	author={Bennet-Clark, H. C.},
	journal={Journal of Experimental Biology},
	volume={52},
	pages={619-652},
	year={1970},
}

@article{bennetclark1970b,
	title={A new French mole cricket, differing in song and morphology from \textit{Gryllotalpa gryllotalpa} L. (Orthoptera, Gryllotalpidae)},
	author={Bennet-Clark, H. C.},
	journal={Proceedings of the Royal Entomological Society of London. Series B, Taxonomy},
	volume={39},
	issue={9-10},
	pages={12-132},
	year={1970},
}

@article{erichson1842,
	title={Beitrag zur Insekten-Fauna von Vandiemensland, mit besonderer Beruksichtigung der geographischen Verbreitung der Insekten},
	author={Erichson, W. F.},
	journal={Archive Naturgeschichte},
	volume={8},
	pages={83-287},
	year={1842},	
}

@article{giglio-tos1894,
	title={Ortotteri del viaggio dell dott. Alfredo Borelli nella Republica Argentina e nel Paraguay. VII},
	author={Giglio-Tos, E},
	journal={Bollettino dei Musei di Zoologia ed Anatomia Comparata della R. Universita di Torino},
	volume={9},
	pages={1-46},
	year={1894},
	doi={10.5962/bhl.part.8048},
}

@article{scudder1869,
	title={Revision of the Large, Stylated, Fossorial Crickets},
	author={Scudder, Samuel H.},
	journal={Memoirs of the Peabody Academy of Science},
	volume={1},
	pages={1-28},
	year={1869},	
}

@book{palisot1805,
	author = {Palisot de Beauvois, A. M. F. J.},
	title = {Insectes recueillis en Afrique et en Amerique dans les royaumes d'Oware et de Benin, a Saint-Domingue et dans les Etats-Unis, pendant les annees 1786-1797},
	date = {1805},
	pagetotal = {276},
}

@book{linnaeus1758,
	title={Systema naturae per regna tria naturae :secundum classes, ordines, genera, species, cum characteribus, differentiis, synonymis, locis},
	author={Linnaeus, Carolus},
	language={Latin},
	date={1758},
	edition={10},
	location={Stockholm},
	publisher={Laurentius Salvius},	
}

@article{saussure1874,
	title={Etudes sur les Myriapodes et les Insectes},
	author={Saussure, M. Henri de},
	journal={Mission scientifique au Mexique et dans l'Amerique centrale},
	volume={6},
	year={1874},
}

@book{burmesietr1838,
	author = {Burmeister, Hermann},
	title = {Handbuch der Entomologie},
	date = {1838},
	volume = {2},
	part = {2},
}

@article{nickerson1979,
	title={Acoustical burrows constructed by mole crickets},
	author={Nickerson, J. C. and Snyder, D. E. and Oliver, C. C.},
	journal={Annals of the Entomological Society of America},
	volume={72},
	issue={3},
	pages={438-440},
}

@online{eades2016,
	author = {Eades, D.C. and Otte, D. and Cigliano, M. M. and Braun, H.},
	title = {Orthoptera Species File. Version 5.0/5.0.},
	date = {24.ii.2016},
	url = {http://Orthoptera.SpeciesFile.org},
	year = {2016},
}